<?xml version="1.0" encoding="UTF-8"?><record xmlns="http://www.loc.gov/MARC21/slim" xmlns:cinclude="http://apache.org/cocoon/include/1.0" xmlns:zs="http://www.loc.gov/zing/srw/">
  <leader>00607nz  a2200145n  4500</leader>
  <controlfield tag="001">n 2004103525</controlfield>
  <controlfield tag="003">DLC</controlfield>
  <controlfield tag="005">20040805123343.0</controlfield>
  <controlfield tag="008">040805n| acannaabn          |a aaa      </controlfield>
  <datafield tag="010" ind1=" " ind2=" ">
    <subfield code="a">n 2004103525</subfield>
  </datafield>
  <datafield tag="040" ind1=" " ind2=" ">
    <subfield code="a">DLC</subfield>
    <subfield code="b">eng</subfield>
    <subfield code="c">DLC</subfield>
  </datafield>
  <datafield tag="100" ind1="1" ind2=" ">
    <subfield code="a">Jácome, Hugo</subfield>
  </datafield>
  <datafield tag="400" ind1="1" ind2=" ">
    <subfield code="a">Jácome Estrella, Hugo</subfield>
  </datafield>
  <datafield tag="400" ind1="1" ind2=" ">
    <subfield code="a">Estrella, Hugo Jácome</subfield>
  </datafield>
  <datafield tag="670" ind1=" " ind2=" ">
    <subfield code="a">Jácome Estrella, Hugo. Microfinanzas en la economía ecuatoriana, 2004:</subfield>
    <subfield code="b">t.p. (Hugo Jácome) p. 13 (Hugo Jácome Estrella, Dr. en economía financiera, Universidad Autónoma de Madrid; profesor e investigador del Programa de Economía por la FLACSO, Sede Ecuador)</subfield>
  </datafield>
</record>